<?xml version="1.0" encoding="UTF-8"?><marcCollection xmlns:marc="http://www.loc.gov/MARC21/slim" xmlns:cinclude="http://apache.org/cocoon/include/1.0" xmlns:zs="http://www.loc.gov/zing/srw/"><record xmlns="http://www.loc.gov/MARC21/slim">
  <leader>00722cz  a2200181n  4500</leader>
  <controlfield tag="001">n 2014007985</controlfield>
  <controlfield tag="003">DLC</controlfield>
  <controlfield tag="005">20140226143150.0</controlfield>
  <controlfield tag="008">140206n| azannaabn          |n aaa      </controlfield>
  <datafield tag="010" ind1=" " ind2=" ">
    <subfield code="a">n 2014007985</subfield>
    <subfield code="z">no2011016384</subfield>
  </datafield>
  <datafield tag="035" ind1=" " ind2=" ">
    <subfield code="a">(OCoLC)oca09677983</subfield>
  </datafield>
  <datafield tag="040" ind1=" " ind2=" ">
    <subfield code="a">DLC</subfield>
    <subfield code="b">eng</subfield>
    <subfield code="e">rda</subfield>
    <subfield code="c">DLC</subfield>
    <subfield code="d">IEN</subfield>
  </datafield>
  <datafield tag="100" ind1="1" ind2=" ">
    <subfield code="a">Suresh, A.</subfield>
    <subfield code="c">(Scientist)</subfield>
  </datafield>
  <datafield tag="373" ind1=" " ind2=" ">
    <subfield code="a">National Centre for Agricultural Economics and Policy Research (India)</subfield>
    <subfield code="2">naf</subfield>
  </datafield>
  <datafield tag="375" ind1=" " ind2=" ">
    <subfield code="a">male</subfield>
  </datafield>
  <datafield tag="377" ind1=" " ind2=" ">
    <subfield code="a">eng</subfield>
  </datafield>
  <datafield tag="667" ind1=" " ind2=" ">
    <subfield code="a">Formerly on undifferentiated name record: no2011016384</subfield>
  </datafield>
  <datafield tag="670" ind1=" " ind2=" ">
    <subfield code="a">Methodological issues in assessing impact of watershed programmes, 2011:</subfield>
    <subfield code="b">t.p. (Suresh A.) t.p. verso (senior scientist, National Centre for Agricultural Economic and Policy Research, New Delhi)</subfield>
  </datafield>
</record>