<record xmlns="http://www.loc.gov/MARC21/slim">
  <leader>00416nz  a2200133n  4500</leader>
  <controlfield tag="001">n 2014007986</controlfield>
  <controlfield tag="003">DLC</controlfield>
  <controlfield tag="005">20140206175219.0</controlfield>
  <controlfield tag="008">140206n| azannaabn          |n aaa      </controlfield>
  <datafield tag="010" ind1=" " ind2=" ">
    <subfield code="a">n 2014007986</subfield>
    <subfield code="z">no2011016384</subfield>
  </datafield>
  <datafield tag="040" ind1=" " ind2=" ">
    <subfield code="a">DLC</subfield>
    <subfield code="b">eng</subfield>
    <subfield code="e">rda</subfield>
    <subfield code="c">DLC</subfield>
  </datafield>
  <datafield tag="100" ind1="1" ind2=" ">
    <subfield code="a">Suresh, A.</subfield>
    <subfield code="c">(Writer on business practices)</subfield>
  </datafield>
  <datafield tag="667" ind1=" " ind2=" ">
    <subfield code="a">Formerly on undifferentiated name record: no2011016384</subfield>
  </datafield>
  <datafield tag="670" ind1=" " ind2=" ">
    <subfield code="a">Business practice, 2007:</subfield>
    <subfield code="b">t.p. (A. Suresh)</subfield>
  </datafield>
</record></marcCollection>